<?xml version="1.0" encoding="UTF-8"?><collection xmlns="http://www.loc.gov/MARC21/slim"><record><leader>00442nam--2200133-i-4500</leader><controlfield tag="001">000027152</controlfield><controlfield tag="002">20161230</controlfield><controlfield tag="005">20161230201036</controlfield><controlfield tag="008">060222s1000------------r-----000-0-eng-d</controlfield><datafield ind1=" " ind2=" " tag="245"><subfield code="a">The kinetics and mechanism of inorganic reactions. a survey of recent work. report of symposium, london, 1954. organized by l.e. sutton</subfield></datafield><datafield ind1=" " ind2=" " tag="260"><subfield code="a">London, The Chemical Society, 1954. 84p</subfield></datafield><datafield ind1=" " ind2=" " tag="490"><subfield code="a">Special Publication</subfield></datafield><datafield ind1=" " ind2=" " tag="700"><subfield code="a">Sykes, K.W</subfield></datafield><datafield ind1=" " ind2=" " tag="852"><subfield code="a">14038</subfield></datafield></record></collection>